<?xml version="1.0" encoding="UTF-8"?><collection><record><leader>03798ntm a2200481 a 4500</leader><controlfield tag="001">002594335</controlfield><controlfield tag="003">MiAaHDL</controlfield><controlfield tag="005">20190719000000.0</controlfield><controlfield tag="006">m        d        </controlfield><controlfield tag="007">cr bn ---auaua</controlfield><controlfield tag="008">930210s1820    xx            00||  ara d</controlfield><datafield tag="035" ind1=" " ind2=" "><subfield code="a">(MiU)002594335</subfield></datafield><datafield tag="035" ind1=" " ind2=" "><subfield code="a">sdr-miu002594335</subfield></datafield><datafield tag="035" ind1=" " ind2=" "><subfield code="a">(OCoLC)34365775</subfield></datafield><datafield tag="035" ind1=" " ind2=" "><subfield code="a">(RLIN)MIUH93-A3</subfield></datafield><datafield tag="040" ind1=" " ind2=" "><subfield code="a">MiU</subfield><subfield code="c">MiU</subfield><subfield code="e">appm</subfield><subfield code="d">MiU</subfield></datafield><datafield tag="100" ind1="1" ind2=" "><subfield code="6">880-01</subfield><subfield code="a">Qāḍī Zādah, Mūsá ibn Muḥammad,</subfield><subfield code="d">d. ca. 1436.</subfield></datafield><datafield tag="240" ind1="1" ind2="0"><subfield code="6">880-02</subfield><subfield code="a">Sharḥ al-mulakhkhaṣ</subfield></datafield><datafield tag="245" ind1="1" ind2="0"><subfield code="6">880-03</subfield><subfield code="a">Qāḍī Zādah ʻalá matn al-Jighmīnī fī al-hayʾah :</subfield><subfield code="k">manuscript,[1820].</subfield></datafield><datafield tag="300" ind1=" " ind2=" "><subfield code="a">1</subfield><subfield code="f">v. ([300] p.) :</subfield><subfield code="b">col. ill. ;</subfield><subfield code="c">22 cm.</subfield></datafield><datafield tag="500" ind1=" " ind2=" "><subfield code="a">Watermarks: Crown, horse, scrollwork, initials G(?)A in roman, and three crescents. For the last see Edward Heawood, Watermarks, Mainly of the 17th and 18th Centuries (Hilversum, 1950), p. 24.</subfield></datafield><datafield tag="500" ind1=" " ind2=" "><subfield code="a">Contains astronomical diagrams, some colored.</subfield></datafield><datafield tag="500" ind1=" " ind2=" "><subfield code="a">Text rubricated and overlined in red; substantial marginal notes in hand of copyist.</subfield></datafield><datafield tag="500" ind1=" " ind2=" "><subfield code="a">min shahr Rabīʻ al-ākhir min shuhūr sanat khamsah wa-thalāthīn wa-māyatayn wa-alf [2 February 1820] ... ʻalá yad ... al-faqīr Muḥammad al-Ṭarāwī shākard bi-al-dīwān al-daftarī al-Miṣrī.</subfield></datafield><datafield tag="500" ind1=" " ind2=" "><subfield code="a">Date of composition and copying, and name and occupation of copyist in colophon: wa-qad faragha min taʾlīfihi al-mawlá al-muḥaqqiq al-kāmil Mūsá ibn Muḥammad ibn Maḥmūd al-maʻrūf bi-Qāḍī Zādah al-Rūmī sanat arbaʻat ʻashar wa-thamānīmiyah min al-hijrah [1411 or 2] fī baldat Samarqand ... qāla al-muʾallif fī tārīkhihi/suʾiltu ʻan tārīkhihi qultu la-hum wa-arrakhū/wa-kāna al-farāgh min kitābat hādhihi al-nuskhah yawm al-arbuʻāʾ al-mubārak li-sabʻat ʻashar yawman khalat</subfield></datafield><datafield tag="500" ind1=" " ind2=" "><subfield code="a">For an earlier copy of this text, see Mich. Isl. Ms. 817,1; for a later, see Mich. Isl. Ms. 805,4; for another, undated, copy, see Mich. Isl. Ms. 755.</subfield></datafield><datafield tag="510" ind1="4" ind2=" "><subfield code="a">GAL,</subfield><subfield code="c">v. I, p. 624; GAL, Suppl. I, p. 865; King, Survey, p. 158.</subfield></datafield><datafield tag="520" ind1=" " ind2=" "><subfield code="a">Commentary on al-Jighmīnī's Mulakhkhaṣ fī al-hayʾah, "a treatise on theoretical astronomy ... compiled in 618 H [1221]." David A. King, A Survey of the Scientific Manuscripts in the Egyptian National Library (Winona Lake, 1986), p. 158.</subfield></datafield><datafield tag="538" ind1=" " ind2=" "><subfield code="a">Mode of access: Internet.</subfield></datafield><datafield tag="541" ind1=" " ind2=" "><subfield code="d">07/--/36</subfield><subfield code="3">Manuscript</subfield><subfield code="a">McGregor Fund</subfield><subfield code="c">Purchase, 1933</subfield></datafield><datafield tag="545" ind1=" " ind2=" "><subfield code="a">Rector of the university built at Samarkand by order of Ulugh Beg and later director of its observatory; teacher of Ulugh Beg.</subfield></datafield><datafield tag="561" ind1=" " ind2=" "><subfield code="a">Purchased in Cairo, 1933/34. Owners' marks: inside cover, autograph: Dr. M. Meyerhof, with his bookplate and manuscript notes in his handwriting; inside cover, manuscript notes and autograph: LC Karpinski, with date: Cairo 1933. Nov. 20.</subfield></datafield><datafield tag="600" ind1="1" ind2="0"><subfield code="6">880-04</subfield><subfield code="a">Jighmīnī, Maḥmūd ibn Muḥammad,</subfield><subfield code="d">-1221?</subfield><subfield code="t">Mulakhkhaṣ fī al-hayʼah.</subfield></datafield><datafield tag="650" ind1=" " ind2="0"><subfield code="a">Astronomy, Arab</subfield><subfield code="y">Early works to 1800.</subfield></datafield><datafield tag="650" ind1=" " ind2="0"><subfield code="a">Manuscripts, Arabic</subfield><subfield code="z">Michigan</subfield><subfield code="z">Ann Arbor.</subfield></datafield><datafield tag="700" ind1="1" ind2="0"><subfield code="6">880-05</subfield><subfield code="a">Jighmīnī, Maḥmūd ibn Muḥammad,</subfield><subfield code="d">-1221?</subfield><subfield code="t">Mulakhkhaṣ fī al-hayʾah.</subfield></datafield><datafield tag="700" ind1="1" ind2=" "><subfield code="a">Karpinski, Louis Charles,</subfield><subfield code="d">1878-1956,</subfield><subfield code="e">former owner.</subfield></datafield><datafield tag="700" ind1="1" ind2=" "><subfield code="a">Meyerhof, Max,</subfield><subfield code="d">1874-1945,</subfield><subfield code="e">former owner.</subfield></datafield><datafield tag="773" ind1="0" ind2=" "><subfield code="a">Tracy W. McGregor Collection of Arabic, Persian, and Turkish Mathematical and Astronomical Manuscripts.</subfield><subfield code="7">unbc</subfield><subfield code="w">(CStRLIN)MIUH92-A20.</subfield></datafield><datafield tag="880" ind1="0" ind2="0"><subfield code="6">700-05/</subfield><subfield code="a">محمود بن محمد الجغميني.</subfield><subfield code="t">ملخص في الهيئة.</subfield></datafield><datafield tag="880" ind1="0" ind2="0"><subfield code="6">600-04/</subfield><subfield code="a">محمود بن محمد الجغميني.</subfield><subfield code="t">ملخص في الهيئة.</subfield></datafield><datafield tag="880" ind1="1" ind2="0"><subfield code="6">245-03/</subfield><subfield code="a">قاضي زاده على متن الجغميني في الهيئة :</subfield><subfield code="k">manuscript،</subfield><subfield code="f">[1820].</subfield></datafield><datafield tag="880" ind1="1" ind2="0"><subfield code="6">240-02/</subfield><subfield code="a">شرح الملخص</subfield></datafield><datafield tag="880" ind1="0" ind2=" "><subfield code="6">100-01/</subfield><subfield code="a">موسى بن محمد قاضي زاده.</subfield></datafield><datafield tag="CID" ind1=" " ind2=" "><subfield code="a">002594335</subfield></datafield><datafield tag="DAT" ind1="0" ind2=" "><subfield code="a">20190719102632.0</subfield><subfield code="b">20190719000000.0</subfield></datafield><datafield tag="DAT" ind1="1" ind2=" "><subfield code="a">20190719090653.0</subfield><subfield code="b">2019-07-19T16:10:35Z</subfield></datafield><datafield tag="DAT" ind1="2" ind2=" "><subfield code="a">2015-10-10T18:00:06Z</subfield></datafield><datafield tag="CAT" ind1=" " ind2=" "><subfield code="a">SDR-MIU</subfield><subfield code="d">EX LIBRIS - ALEPH</subfield><subfield code="l">prepare.pl-004-008</subfield></datafield><datafield tag="FMT" ind1=" " ind2=" "><subfield code="a">BK</subfield></datafield><datafield tag="HOL" ind1=" " ind2=" "><subfield code="0">sdr-miu002594335</subfield><subfield code="a">MiU</subfield><subfield code="b">SDR</subfield><subfield code="c">MIU</subfield><subfield code="p">mdp.39015081447156</subfield><subfield code="s">MIU</subfield><subfield code="1">002594335</subfield></datafield><datafield tag="974" ind1=" " ind2=" "><subfield code="b">MIU</subfield><subfield code="c">MIU</subfield><subfield code="d">20190719</subfield><subfield code="s">lit-dlps-dc</subfield><subfield code="u">mdp.39015081447156</subfield><subfield code="y">1820</subfield><subfield code="r">pd</subfield><subfield code="q">bib</subfield><subfield code="t">non-US bib date1 &lt; 1879</subfield></datafield></record></collection>